@INPROCEEDINGS{netflix, 
author={A. Narayanan and V. Shmatikov}, 
booktitle={2008 IEEE Symposium on Security and Privacy (sp 2008)}, 
title={Robust De-anonymization of Large Sparse Datasets}, 
year={2008}, 
volume={}, 
number={}, 
pages={111-125}, 
doi={10.1109/SP.2008.33}, 
ISSN={1081-6011}, 
month={May},}

@misc{nytimes,
	author = "The New York Times",
	title = "A Face Is Exposed for AOL Searcher No. 4417749",
	url = "https://www.nytimes.com/2006/08/09/technology/09aol.html",
	note = "[Online, last accessed 9 April 2018]"
}

@InProceedings{survey,
	author="Al-Azizy, Dalal	and Millard, David and Symeonidis, Iraklis and O'Hara, Kieron and Shadbolt, Nigel",
	editor="Lambrinoudakis, Costas
	and Gabillon, Alban",
	title="A Literature Survey and Classifications on Data Deanonymisation",
	booktitle="Risks and Security of Internet and Systems",
	year="2016",
	publisher="Springer International Publishing",
	address="Cham",
	pages="36--51",
	isbn="978-3-319-31811-0"
}

